@article{beven2008atlantic,
  title={Atlantic hurricane season of 2005},
  author={Beven, John L and Avila, Lixion A and Blake, Eric S and Brown, Daniel P and Franklin, James L and Knabb, Richard D and Pasch, Richard J and Rhome, Jamie R and Stewart, Stacy R},
  journal={Monthly Weather Review},
  volume={136},
  number={3},
  pages={1109--1173},
  year={2008}
}
@techreport{boustan2017effect,
  title={The Effect of Natural Disasters on Economic Activity in US Counties: A Century of Data},
  author={Boustan, Leah Platt and Kahn, Matthew E and Rhode, Paul W and Yanguas, Maria Lucia},
  year={2017},
  institution={National Bureau of Economic Research}
}
@article{carleton2016social,
  title={Social and economic impacts of climate},
  author={Carleton, Tamma A and Hsiang, Solomon M},
  journal={Science},
  volume={353},
  number={6304},
  pages={aad9837},
  year={2016},
  publisher={American Association for the Advancement of Science}
}
@techreport{deryugina2016fiscal,
  title={The Fiscal Cost of Hurricanes: Disaster Aid Versus Social Insurance},
  author={Deryugina, Tatyana},
  year={2016},
  institution={National Bureau of Economic Research}
}
@article{kahn2005death,
  title={The death toll from natural disasters: the role of income, geography, and institutions},
  author={Kahn, Matthew E},
  journal={Review of economics and statistics},
  volume={87},
  number={2},
  pages={271--284},
  year={2005},
  publisher={MIT Press}
}
@techreport{knobb2005tropical,
  title={Tropical Cyclone Report: Hurricane Katrina},
  author={Knobb, RD and Rhome, JR and Brown, RD},
  year={2005},
  institution={Technical Report, NOAA National Hurricane Center, 23--30 August}
}
@article{stewart1941inverse,
  title={An inverse distance variation for certain social influences},
  author={Stewart, John Q},
  journal={Science},
  volume={93},
  number={2404},
  pages={89--90},
  year={1941},
  publisher={American Association for the Advancement of Science}
}
@article{van2006impacts,
  title={The impacts of climate change on the risk of natural disasters},
  author={Van Aalst, Maarten K},
  journal={Disasters},
  volume={30},
  number={1},
  pages={5--18},
  year={2006},
  publisher={Wiley Online Library}
}

