@article{grada1997migration,
  title={Migration as disaster relief: Lessons from the Great Irish Famine},
  author={Gr{\'a}da, Cormac {\'O} and O'Rourke, Kevin H},
  journal={European Review of Economic History},
  volume={1},
  number={1},
  pages={3--25},
  year={1997},
  publisher={Oxford University Press}
}

@article{kousky2014informing,
  title={Informing climate adaptation: A review of the economic costs of natural disasters},
  author={Kousky, Carolyn},
  journal={Energy Economics},
  volume={46},
  pages={576--592},
  year={2014},
  publisher={Elsevier}
}

@book{field2012managing,
  title={Managing the risks of extreme events and disasters to advance climate change adaptation: special report of the intergovernmental panel on climate change},
  author={Field, Christopher B},
  year={2012},
  publisher={Cambridge University Press}
}

@article{levine2007population,
  title={Population displacement and housing dilemmas due to catastrophic disasters},
  author={Levine, Joyce N and Esnard, Ann-Margaret and Sapat, Alka},
  journal={Journal of planning literature},
  volume={22},
  number={1},
  pages={3--15},
  year={2007},
  publisher={Sage Publications}
}

@article{vigdor2007katrina,
  title={The Katrina Effect: Was There a Bright Side to the Evacuation of Greater New Orleans?},
  author={Vigdor, Jacob L},
  journal={The BE Journal of Economic Analysis \& Policy},
  volume={7},
  number={1},
  year={2007}
}

@article{groen2010going,
  title={Going home after Hurricane Katrina: Determinants of return migration and changes in affected areas},
  author={Groen, Jeffrey A and Polivka, Anne E},
  journal={Demography},
  volume={47},
  number={4},
  pages={821--844},
  year={2010},
  publisher={Springer}
}
@article{danziger2006poverty,
  title={Poverty, race, and antipoverty policy before and after hurricane katrina},
  author={Danziger, Sheldon and Danziger, Sandra K},
  journal={Du Bois Review},
  volume={3},
  number={01},
  pages={23--36},
  year={2006},
  publisher={Cambridge Univ Press}
}
@article{myers2008social,
  title={Social vulnerability and migration in the wake of disaster: the case of Hurricanes Katrina and Rita},
  author={Myers, Candice A and Slack, Tim and Singelmann, Joachim},
  journal={Population and Environment},
  volume={29},
  number={6},
  pages={271--291},
  year={2008},
  publisher={Springer}
}

@article{higuchi2012impact,
  title={The impact of the great east Japan earthquake on the labor market: Need to resolve the employment mismatch in the disaster-stricken areas},
  author={Higuchi, Yoshio and Inui, Tomohiko and Hosoi, Toshiaki and Takabe, Isao and Kawakami, Atsushi},
  journal={Japan Labor Review},
  volume={9},
  number={4},
  pages={4--21},
  year={2012}
}

@article{venn2012helping,
  title={Helping Displaced Workers Back Into Jobs After a Natural Disaster},
  author={Venn, Danielle},
  year={2012},
  publisher={OECD Publishing}
}

@article{bohra2014nonlinear,
  title={Nonlinear permanent migration response to climatic variations but minimal response to disasters},
  author={Bohra-Mishra, Pratikshya and Oppenheimer, Michael and Hsiang, Solomon M},
  journal={Proceedings of the National Academy of Sciences},
  volume={111},
  number={27},
  pages={9780--9785},
  year={2014},
  publisher={National Acad Sciences}
}

@article{saldana2009impact,
  title={Impact of climate-related disasters on human migration in Mexico: a spatial model},
  author={Salda{\~n}a-Zorrilla, Sergio O and Sandberg, Krister},
  journal={Climatic change},
  volume={96},
  number={1-2},
  pages={97--118},
  year={2009},
  publisher={Springer}
}

@article{greenwood1985human,
  title={Human migration: Theory, models, and empirical studies},
  author={Greenwood, Michael J},
  journal={Journal of regional Science},
  volume={25},
  number={4},
  pages={521--544},
  year={1985},
  publisher={Wiley Online Library}
}

@article{lozano2010journey,
  title={The journey to safety: conflict-driven migration flows in Colombia},
  author={Lozano-Gracia, Nancy and Piras, Gianfranco and Ib{\'a}{\~n}ez, Ana Maria and Hewings, Geoffrey JD},
  journal={International Regional Science Review},
  volume={33},
  number={2},
  pages={157--180},
  year={2010},
  publisher={SAGE Publications}
}

@article{ruyssen2014determinants,
  title={Determinants of Intraregional Migration in Sub-Saharan Africa 1980-2000},
  author={Ruyssen, Ilse and Rayp, Glenn},
  journal={Journal of Development Studies},
  volume={50},
  number={3},
  pages={426--443},
  year={2014},
  publisher={Taylor \& Francis}
}

@article{paul2005evidence,
  title={Evidence against disaster-induced migration: the 2004 tornado in north-central Bangladesh},
  author={Paul, Bimal Kanti},
  journal={Disasters},
  volume={29},
  number={4},
  pages={370--385},
  year={2005},
  publisher={Wiley Online Library}
}

@article{gray2012natural,
  title={Natural disasters and population mobility in Bangladesh},
  author={Gray, Clark L and Mueller, Valerie},
  journal={Proceedings of the National Academy of Sciences},
  volume={109},
  number={16},
  pages={6000--6005},
  year={2012},
  publisher={National Acad Sciences}
}

@article{halliday2006migration,
  title={Migration, risk, and liquidity constraints in El Salvador},
  author={Halliday, Timothy},
  journal={Economic development and cultural change},
  volume={54},
  number={4},
  pages={893--925},
  year={2006},
  publisher={JSTOR}
}

@article{molloy2011internal,
  title={Internal migration in the United States},
  author={Molloy, Raven and Smith, Christopher L and Wozniak, Abigail},
  journal={The Journal of Economic Perspectives},
  volume={25},
  number={3},
  pages={173--196},
  year={2011},
  publisher={American Economic Association}
}

@article{borjas1989economic,
  title={Economic theory and international migration},
  author={Borjas, George J},
  journal={International migration review},
  pages={457--485},
  year={1989},
  publisher={JSTOR}
}

@article{porojan2001trade,
  title={Trade flows and spatial effects: the gravity model revisited},
  author={Porojan, Anca},
  journal={Open economies review},
  volume={12},
  number={3},
  pages={265--280},
  year={2001},
  publisher={Springer}
}

@article{lesage2008spatial,
  title={Spatial Econometric Modeling Of Origin-Destination Flows},
  author={LeSage, James P and Pace, R Kelley},
  journal={Journal of Regional Science},
  volume={48},
  number={5},
  pages={941--967},
  year={2008},
  publisher={Wiley Online Library}
}

@article{landry2007going,
  title={Going home: Evacuation-migration decisions of Hurricane Katrina survivors},
  author={Landry, Craig E and Bin, Okmyung and Hindsley, Paul and Whitehead, John C and Wilson, Kenneth},
  journal={Southern Economic Journal},
  pages={326--343},
  year={2007},
  publisher={JSTOR}
}

@misc{oda2011grasping,
  title={Grasping the Fukushima Displacement and Diaspora},
  author={Oda, Takashi},
  year={2011},
  publisher={The}
}

@article{baker2009explaining,
  title={Explaining subjective risks of hurricanes and the role of risks in intended moving and location choice models},
  author={Baker, Justin and Shaw, W Douglass and Bell, David and Brody, Sam and Riddel, Mary and Woodward, Richard T and Neilson, William},
  journal={Natural Hazards Review},
  volume={10},
  number={3},
  pages={102--112},
  year={2009},
  publisher={American Society of Civil Engineers}
}

@incollection{rose2004economic,
  title={Economic principles, issues, and research priorities in hazard loss estimation},
  author={Rose, Adam},
  booktitle={Modeling spatial and economic impacts of disasters},
  pages={13--36},
  year={2004},
  publisher={Springer}
}

@incollection{rose2016earthquake,
  title = {Economic aspects of earthquake lsos estimation},
   author = {Rose, Adam},
   booktitle = {Handbook of Earthquake Engineering},
publisher = {CRC Press}
}