@article{grada1997migration,
  title={Migration as disaster relief: Lessons from the Great Irish Famine},
  author={Gr{\'a}da, Cormac {\'O} and O'Rourke, Kevin H},
  journal={European Review of Economic History},
  volume={1},
  number={1},
  pages={3--25},
  year={1997},
  publisher={Oxford University Press}
}

@article{kousky2014informing,
  title={Informing climate adaptation: A review of the economic costs of natural disasters},
  author={Kousky, Carolyn},
  journal={Energy Economics},
  volume={46},
  pages={576--592},
  year={2014},
  publisher={Elsevier}
}

@book{field2012managing,
  title={Managing the risks of extreme events and disasters to advance climate change adaptation: Special report of the intergovernmental panel on climate change},
  author={Field, Christopher B},
  year={2012},
  publisher={Cambridge University Press}
}

@article{levine2007population,
  title={Population displacement and housing dilemmas due to catastrophic disasters},
  author={Levine, Joyce N and Esnard, Ann-Margaret and Sapat, Alka},
  journal={Journal of Planning Literature},
  volume={22},
  number={1},
  pages={3--15},
  year={2007},
  publisher={Sage Publications}
}

@article{vigdor2007katrina,
  title={The Katrina Effect: Was there a bright side to the evacuation of Greater New Orleans?},
  author={Vigdor, Jacob L},
  journal={BE Journal of Economic Analysis \& Policy},
  volume={7},
  number={1},
  year={2007}
}

@article{groen2010going,
  title={Going home after Hurricane Katrina: Determinants of return migration and changes in affected areas},
  author={Groen, Jeffrey A and Polivka, Anne E},
  journal={Demography},
  volume={47},
  number={4},
  pages={821--844},
  year={2010},
  publisher={Springer}
}
@article{danziger2006poverty,
  title={Poverty, race, and antipoverty policy before and after Hurricane Katrina},
  author={Danziger, Sheldon and Danziger, Sandra K},
  journal={Du Bois Review},
  volume={3},
  number={01},
  pages={23--36},
  year={2006},
  publisher={Cambridge University Press}
}
@article{myers2008social,
  title={Social vulnerability and migration in the wake of disaster: The case of Hurricanes Katrina and Rita},
  author={Myers, Candice A and Slack, Tim and Singelmann, Joachim},
  journal={Population and Environment},
  volume={29},
  number={6},
  pages={271--291},
  year={2008},
  publisher={Springer}
}

@article{higuchi2012impact,
  title={The impact of the Great East Japan earthquake on the labor market: Need to resolve the employment mismatch in the disaster-stricken areas},
  author={Higuchi, Yoshio and Inui, Tomohiko and Hosoi, Toshiaki and Takabe, Isao and Kawakami, Atsushi},
  journal={Japan Labor Review},
  volume={9},
  number={4},
  pages={4--21},
  year={2012}
}

@article{venn2012helping,
  title={Helping displaced workers back into jobs after a natural disaster},
  author={Venn, Danielle},
  year={2012},
  publisher={OECD Publishing}
}

@article{bohra2014nonlinear,
  title={Nonlinear permanent migration response to climatic variations but minimal response to disasters},
  author={Bohra-Mishra, Pratikshya and Oppenheimer, Michael and Hsiang, Solomon M},
  journal={Proceedings of the National Academy of Sciences},
  volume={111},
  number={27},
  pages={9780--9785},
  year={2014},
  publisher={National Academy of Sciences}
}

@article{saldana2009impact,
  title={Impact of climate-related disasters on human migration in Mexico: A spatial model},
  author={Salda{\~n}a-Zorrilla, Sergio O and Sandberg, Krister},
  journal={Climatic Change},
  volume={96},
  number={1-2},
  pages={97--118},
  year={2009},
  publisher={Springer}
}

@article{greenwood1985human,
  title={Human migration: Theory, models, and empirical studies},
  author={Greenwood, Michael J},
  journal={Journal of Regional Science},
  volume={25},
  number={4},
  pages={521--544},
  year={1985},
  publisher={Wiley Online Library}
}

@article{lozano2010journey,
  title={The journey to safety: Conflict-driven migration flows in Colombia},
  author={Lozano-Gracia, Nancy and Piras, Gianfranco and Ib{\'a}{\~n}ez, Ana Maria and Hewings, Geoffrey JD},
  journal={International Regional Science Review},
  volume={33},
  number={2},
  pages={157--180},
  year={2010},
  publisher={SAGE Publications}
}

@article{ruyssen2014determinants,
  title={Determinants of intraregional migration in Sub-Saharan Africa 1980-2000},
  author={Ruyssen, Ilse and Rayp, Glenn},
  journal={Journal of Development Studies},
  volume={50},
  number={3},
  pages={426--443},
  year={2014},
  publisher={Taylor \& Francis}
}

@article{paul2005evidence,
  title={Evidence against disaster-induced migration: The 2004 tornado in north-central Bangladesh},
  author={Paul, Bimal Kanti},
  journal={Disasters},
  volume={29},
  number={4},
  pages={370--385},
  year={2005},
  publisher={Wiley Online Library}
}

@article{gray2012natural,
  title={Natural disasters and population mobility in Bangladesh},
  author={Gray, Clark L and Mueller, Valerie},
  journal={Proceedings of the National Academy of Sciences},
  volume={109},
  number={16},
  pages={6000--6005},
  year={2012},
  publisher={National Academy of Sciences}
}

@article{halliday2006migration,
  title={Migration, risk, and liquidity constraints in El Salvador},
  author={Halliday, Timothy},
  journal={Economic Development and Cultural Change},
  volume={54},
  number={4},
  pages={893--925},
  year={2006},
  publisher={JSTOR}
}

@article{molloy2011internal,
  title={Internal migration in the United States},
  author={Molloy, Raven and Smith, Christopher L and Wozniak, Abigail},
  journal={Journal of Economic Perspectives},
  volume={25},
  number={3},
  pages={173--196},
  year={2011},
  publisher={American Economic Association}
}

@article{borjas1989economic,
  title={Economic theory and international migration},
  author={Borjas, George J},
  journal={International Migration Review},
  pages={457--485},
  year={1989},
  publisher={JSTOR}
}

@article{porojan2001trade,
  title={Trade flows and spatial effects: The gravity model revisited},
  author={Porojan, Anca},
  journal={Open Economies Review},
  volume={12},
  number={3},
  pages={265--280},
  year={2001},
  publisher={Springer}
}

@article{lesage2008spatial,
  title={Spatial econometric modeling of origin-destination flows},
  author={LeSage, James P and Pace, R Kelley},
  journal={Journal of Regional Science},
  volume={48},
  number={5},
  pages={941--967},
  year={2008},
  publisher={Wiley Online Library}
}

@article{landry2007going,
  title={Going home: Evacuation-migration decisions of Hurricane Katrina survivors},
  author={Landry, Craig E and Bin, Okmyung and Hindsley, Paul and Whitehead, John C and Wilson, Kenneth},
  journal={Southern Economic Journal},
  pages={326--343},
  year={2007},
  publisher={JSTOR}
}

@misc{oda2011grasping,
  title={Grasping the Fukushima displacement and diaspora},
  author={Oda, Takashi},
  year={2011},
  publisher={Tohoku Geographical Association}
}

@article{baker2009explaining,
  title={Explaining subjective risks of hurricanes and the role of risks in intended moving and location choice models},
  author={Baker, Justin and Shaw, W Douglass and Bell, David and Brody, Sam and Riddel, Mary and Woodward, Richard T and Neilson, William},
  journal={Natural Hazards Review},
  volume={10},
  number={3},
  pages={102--112},
  year={2009},
  publisher={American Society of Civil Engineers}
}

@incollection{rose2004economic,
  title={Economic principles, issues, and research priorities in hazard loss estimation},
  author={Rose, Adam},
  booktitle={Modeling spatial and economic impacts of disasters},
  pages={13--36},
  year={2004},
  publisher={Springer}
}

@incollection{rose2016earthquake,
  title = {Economic aspects of earthquake loss estimation},
  author = {Rose, Adam},
  booktitle = {Handbook of Earthquake Engineering},
  publisher = {CRC Press}
}

@misc{tierney1995drc,
  title = {Impacts of recent U.S. disasters on businesses: The 1993 Midwest Floods and the 1994 Northridge Earthquake},
  author = {Tierney, Kathleen},
  year = {1995},
  publisher = {Disaster Research Center, University of Delaware}
}

@article{tierney2000hazardrev,
  title = {Businesses and disasters: Empirical patterns and unanswered questions},
  author = {Webb, Gary and Tierney, Kathleen and Dahlhamer, James},
  journal = {Natural Hazards Review},
  volume = {1},
  number = {2},
  pages = {83--90},
  year = {2000},
  publisher = {American Society of Civil Engineers}
}

@article{li2010returnees,
  title = {Katrina and migration: Evacuation and return by African Americans and Vietnamese Americans in an eastern New Orleans suburb},
  author = {Li, Wei and Airriess, Christopher and Chen, Angela and Leong, Karen and Keith, Verna},
  journal = {Professional Geographer},
  volume = {62},
  number = {1},
  year = {2010},
  publisher = {Routledge}
}

@article {henry2013returnees,
  title = {Return or relocate? An inductive analysis of decision-making in a disaster},
  author = {Henry, Jacques},
  journal = {Disasters},
  volume = {37},
  number = {2},
  pages = {293--316},
  year = {2013},
  publisher = {Blackwell Publishing Ltd},
}

@article {boots1988spatialeffects,
  title = {Incorporating the effects of spatial structure in discrete choice models of migration},
  author = {Boots, Barry and Kanaroglou, Pavlos},
  journal = {Journal of Regional Science},
  volume = {28},
  number = {4},
  pages = {495--510},
  year = {1988},
  publisher = {Blackwell Publishing Ltd},
}

@Article{chun2008spatialweights,
  title = {Modeling network autocorrelation within migration flows by eigenvector spatial filtering},
  author = {Chun, Yongwan},
  journal = {Journal of Geographical Systems},
  volume = {10},
  number = {4},
  pages = {317--344},
  year = {2008},
  publisher = {Springer}
}

@article{bartel1979mobility,
   title = {The migration decision: What role does job mobility play?},
   author = {Bartel, Ann},
   journal = {American Economic Review},
   volume = {69},
   number = {5},
   pages = {775-786},
   year = {1979},
   publisher = {American Economic Association}
}

@article {kennan2011mobility,
  title = {The effect of expected income on individual migration decisions},
  author = {Kennan, John and Walker, James R.},
  journal = {Econometrica},
  volume = {79},
  number = {1},
  pages = {211--251},
  year = {2011},
  publisher = {Blackwell Publishing Ltd}
}

@article{anselin1988lagrange,
  title={Lagrange multiplier test diagnostics for spatial dependence and spatial heterogeneity},
  author={Anselin, Luc},
  journal={Geographical Analysis},
  volume={20},
  number={1},
  pages={1--17},
  year={1988},
  publisher={Wiley Online Library}
}

@article{greenwood1975research,
  title={Research on internal migration in the United States: A survey},
  author={Greenwood, Michael J},
  journal={Journal of Economic Literature},
  pages={397--433},
  year={1975},
  publisher={JSTOR}
}

@article{borjas1987self,
  title={Self-selection and the earnings of immigrants},
  author={Borjas, George J},
  journal={American Economic Review},
  volume={77},
  number={4},
  pages={531--53},
  year={1987}
}

@article{anderson2011gravity,
  title={The gravity model},
  author={Anderson, James E},
  journal={Annual Review of Economics},
  volume={3},
  number={1},
  pages={133--160},
  year={2011},
  publisher={Annual Reviews}
}

@article{greenwood2005modeling,
  title={Modeling migration},
  author={Greenwood, Michael J},
  journal={Encyclopedia of Social Measurement},
  volume={2},
  pages={725--734},
  year={2005},
  publisher={Elsevier: New York}
}

@article{ashby2007economic,
  title={Economic freedom and migration flows between US states},
  author={Ashby, Nathan J},
  journal={Southern Economic Journal},
  pages={677--697},
  year={2007},
  publisher={JSTOR}
}

@article{yun2016day,
  title={The day after the disaster: Forced migration and income loss after Hurricanes Katrina and Rita},
  author={Yun, Seong Do and Waldorf, Brigitte S},
  journal={Journal of Regional Science},
  volume={56},
  number={3},
  pages={420--441},
  year={2016},
  publisher={Wiley Online Library}
}


@article{gemenne2011numbers,
  title={Why the numbers don’t add up: A review of estimates and predictions of people displaced by environmental changes},
  author={Gemenne, Fran{\c{c}}ois},
  journal={Global Environmental Change},
  volume={21},
  pages={S41--S49},
  year={2011},
  publisher={Elsevier}
}



@article{black2011effect,
  title={The effect of environmental change on human migration},
  author={Black, Richard and Adger, W Neil and Arnell, Nigel W and Dercon, Stefan and Geddes, Andrew and Thomas, David},
  journal={Global Environmental Change},
  volume={21},
  pages={S3--S11},
  year={2011},
  publisher={Elsevier}
}

@article{fielding2011impacts,
  title={The impacts of environmental change on UK internal migration},
  author={Fielding, AJ},
  journal={Global Environmental Change},
  volume={21},
  pages={S121--S130},
  year={2011},
  publisher={Elsevier}
}

@article{ramos2016gravity,
  title={Gravity models: A tool for migration analysis},
  author={Ramos, Raul},
  journal={IZA World of Labor},
  year={2016}
}

@article{poot2016gravity,
  title={The gravity model of migration: The successful comeback of an ageing superstar in regional science},
  author={Poot, Jacques and Alimi, Omoniyi and Cameron, Michael P and Mar{\'e}, David C},
  journal={IZA Discussion Paper Series},
  number={10329},
  year={2016}
}

@article{lewer2008gravity,
  title={A gravity model of immigration},
  author={Lewer, Joshua J and Van den Berg, Hendrik},
  journal={Economics Letters},
  volume={99},
  number={1},
  pages={164--167},
  year={2008},
  publisher={Elsevier}
}

@article{mcintosh2008measuring,
  title={Measuring the labor market impacts of Hurricane Katrina migration: Evidence from Houston, Texas},
  author={McIntosh, Molly Fifer},
  journal={American Economic Review},
  volume={98},
  number={2},
  pages={54--57},
  year={2008},
  publisher={JSTOR}
}

@article{gray2014studying,
  title={Studying displacement after a disaster using large-scale survey methods: Sumatra after the 2004 tsunami},
  author={Gray, Clark and Frankenberg, Elizabeth and Gillespie, Thomas and Sumantri, Cecep and Thomas, Duncan},
  journal={Annals of the Association of American Geographers},
  volume={104},
  number={3},
  pages={594--612},
  year={2014},
  publisher={Taylor \& Francis}
}


@article{groen2008hurricane,
  title={Hurricane Katrina evacuees: Who they are, where they are, and how they are faring},
  author={Groen, Jeffrey A and Polivka, Anne E},
  journal={Monthly Labor Review},
  volume={131},
  pages={32},
  year={2008},
  publisher={HeinOnline}
}

@article{elliott2006race,
  title={Race, class, and Hurricane Katrina: Social differences in human responses to disaster},
  author={Elliott, James R and Pais, Jeremy},
  journal={Social Science Research},
  volume={35},
  number={2},
  pages={295--321},
  year={2006},
  publisher={Elsevier}
}

@article{chamlee2009there,
  title={"There's no place like New Orleans": Sense of place and community recovery in the Ninth Ward after Hurricane Katrina},
  author={Chamlee-wright, Emily and Storr, Virgil Henry},
  journal={Journal of Urban Affairs},
  volume={31},
  number={5},
  pages={615--634},
  year={2009},
  publisher={Wiley Online Library}
}

@article{findlay2011migrant,
  title={Migrant destinations in an era of environmental change},
  author={Findlay, Allan M},
  journal={Global Environmental Change},
  volume={21},
  pages={S50--S58},
  year={2011},
  publisher={Elsevier}
}

@article{chiswick1999immigrants,
  title  ={Are immigrants favorably self-selected?},
  author={Chiswick, Barry R},
  journal={American Economic Review},
  volume={89},
  number={2},
  pages={181--185},
  year={1999},
  publisher={JSTOR}
}

@article{mckenzie2010self,
  title={Self-selection patterns in Mexico-US migration: The role of migration networks},
  author={McKenzie, David and Rapoport, Hillel},
  journal={Review of Economics and Statistics},
  volume={92},
  number={4},
  pages={811--821},
  year={2010},
  publisher={MIT Press}
}

@article{nifo2014institutions,
  title={Do institutions play a role in skilled migration? The case of Italy},
  author={Nifo, Annamaria and Vecchione, Gaetano},
  journal={Regional Studies},
  volume={48},
  number={10},
  pages={1628--1649},
  year={2014},
  publisher={Taylor \& Francis}
}

@article{fussell2014recovery,
  title={Recovery migration to the City of New Orleans after Hurricane Katrina: A migration systems approach},
  author={Fussell, Elizabeth and Curtis, Katherine J and DeWaard, Jack},
  journal={Population and Environment},
  volume={35},
  number={3},
  pages={305--322},
  year={2014},
  publisher={Springer}
}

@article{rupasingha2015rural,
  title={Rural bound: Determinants of metro to non-metro migration in the United States},
  author={Rupasingha, Anil and Liu, Yongzheng and Partridge, Mark},
  journal={American Journal of Agricultural Economics},
  volume={97},
  number={3},
  pages={680--700},
  year={2015},
  publisher={Oxford University Press}
}

@book{weber2012displaced,
  title={Displaced: Life in the Katrina diaspora},
  author={Weber, Lynn and Peek, Lori A},
  year={2012},
  publisher={University of Texas Press}
}

@article{moran1950notes,
  title={Notes on continuous stochastic phenomena},
  author={Moran, Patrick AP},
  journal={Biometrika},
  volume={37},
  number={1/2},
  pages={17--23},
  year={1950},
  publisher={JSTOR}
}

@misc{irsmigdata,
  title = {Statistics of Income Tax Stats - Migration Data},
  author = {{Internal Revenue Service}},
  howaccessed = {/url{https://www.irs.gov/uac/soi-tax-stats-migration-data}},
  year = 2017
}

@misc{hudrentdata,
  title = {Fair Market Rents},
  author = {{Department of Housing and Urban Development}},
  howaccessed = {/url{www.huduser.gov/portal/datasets/fmr.html}},
  year = 2017
}

@misc{qcewdata,
  title = {Quarterly Census of Employment and Wages},
  author = {{Bureau of Labor Statistics}},
  howaccessed = {/url{www.bls.gov/cew/datatoc.htm}},
  year = 2017
}

@misc{blsdata,
  title = {Local Area Unemployment Statistics},
  author = {{Bureau of Labor Statistics}},
  howaccessed = {/url{www.bls.gov/lau/#cntyaa}},
  year = 2017
} 

@misc{ersruuc,
  title = {Rural-Urban Continuum Codes},
  author = {{United States Department of Agriculture Economic Research Service}},
  howaccessed = {/url{https://www.ers.usda.gov/data-products/rural-urban-continuum-codes/}},
  year = 2017
} 

@misc{femadecs,
  title = {OpenFEMA Dataset: Open FEMA Data Sets - V1},
  author = {{Federal Emergency Management Agency}},
  howaccessed = {/url{https://www.fema.gov/openfema-dataset-openfema-data-sets-v1}},
  year = 2017}